@misc{davis:knit,
  author       = "Davis, Paul Joseph",
  title        = {{Knit: Another Erlang Release/Upgrade Tool}},
  year         = "2014",
  howpublished = {\url{https://github.com/davisp/knit}},
  note         = {GitHub Repository, accessed August 20, 2017}
}

@misc{davis:talk,
  author       = "Davis, Paul Joseph",
  title        = {{Knit: A New Tool for Releases and Upgrades}},
  year         = {2014},
  note         = "Talk at Erlang Factory"
}

@inproceedings{carlsson:parameterized,
  title        = {{Parameterized Modules in Erlang}},
  author       = "Carlsson, Richard",
  booktitle    = "Proceedings of the 2003 ACM SIGPLAN workshop on Erlang",
  pages        = "29--35",
  year         = "2003",
  organization = "ACM"
}

@book{ferd,
  title        = {{Learn You Some Erlang for Great Good!}},
  author       = {H{\'e}bert, Fred},
  year         = "2013",
  publisher    = "No Starch Press"
}

@inproceedings{gregersen:phenomena,
  title        = {{Run-Time Phenomena in Dynamic Software Updating: Causes and Effects}},
  author       = {Gregersen, Allan Raundahl and J{\o}rgensen, Bo N{\o}rregaard},
  booktitle    = {Proceedings of the 12th International Workshop on Principles of Software Evolution and the 7th annual ERCIM Workshop on Software Evolution},
  pages        = {6--15},
  year         = {2011},
  organization = {ACM}
}

@article{hicks,
  title        = {{Dynamic Software Updating}},
  author       = {Hicks, Michael and Nettles, Scott},
  journal      = {ACM Transactions on Programming Languages and Systems (TOPLAS)},
  volume       = {27},
  number       = {6},
  pages        = {1049--1096},
  year         = {2005},
  publisher    = {ACM}
}

@misc{rebar3appup,
  author       = {Rasc\~{a}o, Luis},
  title        = {{Rebar3 Appup Plugin}},
  year         = {2016},
  howpublished = {\url{https://github.com/lrascao/rebar3_appup_plugin}},
  note         = {GitHub Repository, accessed August 22, 2017}
}

@misc{wiger:parsetrans,
  author       = {Wiger, Ulf},
  title        = {{Parse Transform Utilities for Erlang}},
  year         = {2016},
  howpublished = {\url{https://github.com/uwiger/parse_trans}},
  note         = {GitHub Repository, accessed August 22, 2017}
}

@book{logan:otp,
  title        = {Erlang and OTP in Action},
  author       = {Logan, Martin and Merritt, Eric and Carlsson, Richard},
  year         = {2010},
  publisher    = {Manning Publications Co.}
}

@book{ferd:anger,
  title        = {Stuff Goes Bad: Erlang in Anger},
  author       = {H{\'e}bert, Fred},
  year         = {2016},
  publisher    = {Heroku}
}

@book{doc:otp,
  title        = {Erlang/OTP System Documentation, Version 9.0},
  author       = {{Ericsson AB}},
  year         = {2017},
  publisher    = {{Ericsson AB}}
}

@inproceedings{rae:semver,
  title        = {Semantic versioning versus breaking changes: A study of the maven repository},
  author       = {Raemaekers, Steven and Van Deursen, Arie and Visser, Joost},
  booktitle    = {Technical Report Series TUD-SERG-2014-016 Accepted for publication by the 14th IEEE International Working Conference on Source Code Analysis and Manipulation (SCAM 2014). Victoria (Canada), 28-29 Sept. 2014},
  year         = {2014},
  organization = {Delft University of Technology, Software Engineering Research Group}
}

@book{cesarini:otp,
  title        = {Designing for Scalability with Erlang/OTP: Implement Robust, Fault-Tolerant Systems},
  author       = {Cesarini, Francesco and Vinoski, Stephen},
  year         = {2014},
  publisher    = {O'Reilly Media, Inc.}
}

@misc{man:git,
  title        = {{git(1) Git Manual}},
  author       = "Greaves, David and Contributors",
  year         = "2016",
  note         = {Version 2.11.0}
}

@misc{docker:docs,
  author       = "{{Docker, Inc.}}",
  title        = {{Docker Documentation}},
  year         = "2017",
  howpublished = {\url{https://docs.docker.com}},
  note         = {Version 17.06, accessed September 1, 2017}
}

@article{stahl,
  title        = {{Modeling continuous integration practice differences in industry software development}},
  author       = {Ståhl, Daniel and Bosch, Jan},
  journal      = {{The Journal of Systems and Software}},
  volume       = {87},
  year         = {2013},
  publisher    = {Elsevier}
}

@article{larson,
  title={Erlang for concurrent programming},
  author={Larson, Jim},
  journal={Communications of the ACM},
  volume={52},
  number={3},
  pages={48--56},
  year={2009},
  publisher={ACM}
}

@inproceedings{armstrong2007history,
  title={{A history of Erlang}},
  author={Armstrong, Joe},
  booktitle={{Proceedings of the third ACM SIGPLAN conference on History of Programming Languages}},
  pages={6--1},
  year={2007},
  organization={ACM}
}

@misc{distillery,
  author       = {Schoenfelder, Paul},
  title        = {{Distillery}},
  year         = {2017},
  howpublished = {\url{https://github.com/bitwalker/distillery}},
  note         = {GitHub Repository, accessed December 22, 2017}
}

@incollection{loder2016production,
  title={Production Setup},
  author={Loder, Wolfgang},
  booktitle={{Erlang and Elixir for Imperative Programmers}},
  pages={77--85},
  year={2016},
  publisher={Springer}
}

@book{sink2011version,
  title={Version control by example},
  author={Sink, Eric},
  year={2011},
  publisher={Pyrenean Gold Press Champaign, IL}
}

@article{dig2016usage,
  title={{Usage, Costs, and Benefits of Continuous Integration in Open-Source Projects}},
  author={Dig, Danny and Tunnell, Timothy and Hilton, Michael and Huang, Kai and Marinov, Darko and others},
  year={2016}
}

@article{maste2016,
  title={{Reproducible Builds in FreeBSD}},
  author={Maste, Ed},
  year={2016}
}

@misc{docker:erlang,
  author       = "{{Docker, Inc.}}",
  title        = {{Erlang Official Repository}},
  year         = "2017",
  howpublished = {\url{https://hub.docker.com/_/erlang/}},
  note         = {accessed December 22, 2017}
}

@book{nix1,
  title={The purely functional software deployment model},
  author={Dolstra, Eelco},
  year={2006},
  publisher={Utrecht University}
}

@inproceedings{nix2,
  title={Atomic upgrading of distributed systems},
  author={van der Burg, Sander and Dolstra, Eelco and de Jonge, Merijn},
  booktitle={Proceedings of the 1st International Workshop on Hot Topics in Software Upgrades},
  pages={8},
  year={2008},
  organization={ACM}
}

@inproceedings{nixos,
  title={{NixOS: A purely functional Linux distribution}},
  author={Dolstra, Eelco and L{\"o}h, Andres},
  booktitle={ACM Sigplan Notices},
  volume={43},
  number={9},
  pages={367--378},
  year={2008},
  organization={ACM}
}

@misc{erlangnix,
  author = {Merritt, Eric},
  title = {{Erlang on NixOS}},
  year = "2016",
  note = "Talk at Erlang Factory"
}

@misc{erlangnix2,
  author = {Potter, Susan},
  title = {{From Zero To Production}},
  year = "2016",
  note = "Talk at Erlang Factory"
}

@misc{sinan,
  author       = {Merritt, Eric and Contributors},
  title        = {{Sinan}},
  year         = {2012},
  howpublished = {\url{https://github.com/erlware-deprecated/sinan}},
  note         = {GitHub Repository, accessed December 23, 2017}
}

@misc{relflow,
  author       = {Jones, Richard and Contributors},
  title        = {{Relflow}},
  year         = {2017},
  howpublished = {\url{https://github.com/RJ/relflow}},
  note         = {GitHub Repository, accessed December 23, 2017}
}

@misc{tetrapak,
  author       = {Lange, Felix and Contributors},
  title        = {{Tetrapak}},
  year         = {2017},
  howpublished = {\url{https://github.com/travelping/tetrapak}},
  note         = {GitHub Repository, accessed December 23, 2017}
}

@misc{edeliver,
  author       = {Kavalar, Martin and Lazu, Gerhard and Contributors},
  title        = {{edeliver}},
  year         = {2017},
  howpublished = {\url{https://github.com/edeliver/edeliver}},
  note         = {GitHub Repository, accessed December 23, 2017}
}

@misc{talk:edeliver,
  author       = {Kavalar, Martin and Schürrer, Martin},
  title        = {{Fast Continuous Deployment of an Elixir Gameserver}},
  year         = {2015},
  note         = {Talk at ElixirConf EU}
}

@misc{hex2nix,
  author       = {Peregud, Gleb and Merritt, Eric and Contributors},
  title        = {{hex2nix}},
  year         = {2016},
  howpublished = {\url{https://github.com/erlang-nix/hex2nix}},
  note         = {GitHub Repository, accessed December 23, 2017}
}
